<?xml version="1.0" encoding="UTF-8"?><collection xmlns="http://www.loc.gov/MARC21/slim"><record><leader>00616nam--2200181-u-4500</leader><controlfield tag="001">000051314</controlfield><controlfield tag="002">20161230</controlfield><controlfield tag="005">20161230201049</controlfield><controlfield tag="008">080618s1000------------r-----000-0-eng-d</controlfield><datafield ind1=" " ind2=" " tag="040"><subfield code="a">IFIN-HH</subfield></datafield><datafield ind1=" " ind2=" " tag="080"><subfield code="a">517</subfield></datafield><datafield ind1="1" ind2=" " tag="100"><subfield code="a">Langer, E. Rudolph (Ed.)</subfield></datafield><datafield ind1="1" ind2="0" tag="245"><subfield code="a">On Numerical Approximation. Proceedings of a Symposium Conducted by the Mathematics Research Center, United States Army, at the University of Wisconsin, Madison, April 21-23, 1958</subfield></datafield><datafield ind1=" " ind2=" " tag="260"><subfield code="a">Madison</subfield><subfield code="b">The University of Wisconsin Press</subfield><subfield code="c">1959</subfield></datafield><datafield ind1=" " ind2=" " tag="300"><subfield code="a">462 p</subfield></datafield><datafield ind1="1" ind2=" " tag="700"><subfield code="a">Rudolph E. Langer</subfield></datafield><datafield ind1=" " ind2=" " tag="852"><subfield code="a">27272</subfield><subfield code="c">517</subfield></datafield><datafield ind1=" " ind2=" " tag="CAT"><subfield code="a">Sys</subfield><subfield code="c">20080618</subfield><subfield code="h">094443</subfield></datafield></record></collection>